@article{wyss1999quantitative,
  title={Quantitative mapping of precursory seismic quiescence before the 1989, M 7.1 off-Sanriku earthquake, Japan},
  author={Wyss, Max and Hasegawa, Akira and Wiemer, Stefan and Umino, Norihito and others},
  year={1999}
}

@article{wiemer2000minimum,
  title={Minimum magnitude of completeness in earthquake catalogs: Examples from Alaska, the western United States, and Japan},
  author={Wiemer, Stefan and Wyss, Max},
  journal={Bulletin of the Seismological Society of America},
  volume={90},
  number={4},
  pages={859--869},
  year={2000},
  publisher={Seismological Society of America}
}
@article{mignan2012estimating,
  title={Estimating the magnitude of completeness for earthquake catalogs},
  author={Mignan, Arnaud and Woessner, Jochen},
  journal={Community Online Resource for Statistical Seismicity Analysis},
  pages={1--45},
  year={2012},
  publisher={Community Online Resource for Statistical Seismicity Analysis}
}
